@inproceedings{stallman1981emacs,
	author = {Stallman, Richard M},
	booktitle = {Proceedings of the ACM SIGPLAN SIGOA symposium on Text manipulation},
	date-modified = {2021-06-28 15:16:05 +0800},
	keywords = {Emacs},
	pages = {147--156},
	title = {EMACS the extensible, customizable self-documenting display editor},
	year = {1981}}
