
@article{2020Do,
	url = {https://www.sciencedirect.com/science/article/pii/S1057521920301976},
	title = {Do measures of systemic risk predict U.S. corporate bond
                  default rates?},
	author = { Kanas, A. and Molyneux, P. },
	journal = {International Review of Financial Analysis},
	volume = 71,
	year = 2020
}

@article{2020Fiscal,
	title = {Fiscal policy driven bond risk premia},
	author = { Bretscher, L. and Hsu, A. and Tamoni, A. },
	journal = {Journal of Financial Economics},
	volume = 138,
	year = 2020,
	url = {https://www.sciencedirect.com/science/article/pii/S0304405X20301252}
}

@article{anginer2018corporate,
	title = {Corporate governance of banks and financial stability},
	author = {Anginer, Deniz and Demirguc-Kunt, Asli and Huizinga, Harry
                  and Ma, Kebin},
	journal = {Journal of Financial Economics},
	volume = 130,
	url = {https://www.sciencedirect.com/science/article/pii/S0304405X18301715},
	number = 2,
	pages = {327--346},
	year = 2018,
	publisher = {Elsevier}
}

@article{badoer2019relevance,
	title = {The relevance of credit ratings in transparent bond
                  markets},
	author = {Badoer, Dominique C and Demiroglu, Cem},
	url = {https://www.paris-december.eu/sites/default/files/pdf/parismeeting/2017/badoer_2017.pdf},
	journal = {The Review of Financial Studies},
	volume = 32,
	number = 1,
	pages = {42--74},
	year = 2019,
	publisher = {Oxford University Press}
}

@article{bai2019common,
	title = {Common risk factors in the cross-section of corporate bond
                  returns},
	author = {Bai, Jennie and Bali, Turan G and Wen, Quan},
	journal = {Journal of Financial Economics},
	volume = 131,
	number = 3,
	url = {https://www.sciencedirect.com/science/article/pii/S0304405X18302095},
	pages = {619--642},
	year = 2019,
	publisher = {Elsevier}
}

@article{bali2021macroeconomic,
	title = {The macroeconomic uncertainty premium in the corporate bond
                  market},
	author = {Bali, Turan G and Subrahmanyam, Avanidhar and Wen, Quan},
	url = {https://www.cambridge.org/core/journals/journal-of-financial-and-quantitative-analysis/article/macroeconomic-uncertainty-premium-in-the-corporate-bond-market/AFE59386DA73CF237E36D168D090CD58},
	journal = {Journal of Financial and Quantitative Analysis},
	volume = 56,
	number = 5,
	pages = {1653--1678},
	year = 2021,
	publisher = {Cambridge University Press}
}

@article{bao2011illiquidity,
	title = {The illiquidity of corporate bonds},
	author = {Bao, Jack and Pan, Jun and Wang, Jiang},
	journal = {The Journal of Finance},
	volume = 66,
	number = 3,
	pages = {911--946},
	year = 2011,
	publisher = {Wiley Online Library}
}

@article{brogaard2017stock,
	title = {Stock liquidity and default risk},
	url = {https://www.sciencedirect.com/science/article/pii/S0304405X17300405},
	author = {Brogaard, Jonathan and Li, Dan and Xia, Ying},
	journal = {Journal of Financial Economics},
	volume = 124,
	number = 3,
	pages = {486--502},
	year = 2017,
	publisher = {Elsevier}
}

@article{chen2018quantifying,
	title = {Quantifying liquidity and default risks of corporate bonds
                  over the business cycle},
	author = {Chen, Hui and Cui, Rui and He, Zhiguo and Milbradt,
                  Konstantin},
	journal = {The Review of Financial Studies},
	url = {https://www.nber.org/system/files/working_papers/w20638/w20638.pdf},
	volume = 31,
	number = 3,
	pages = {852--897},
	year = 2018,
	publisher = {Oxford University Press}
}

@article{clarkson2008revisiting,
	title = {Revisiting the relation between environmental performance
                  and environmental disclosure: An empirical analysis},
	author = {Clarkson, Peter M and Li, Yue and Richardson, Gordon D and
                  Vasvari, Florin P},
	journal = {Accounting, organizations and society},
	volume = 33,
	number = {4-5},
	pages = {303--327},
	year = 2008,
	publisher = {Elsevier}
}

@article{colacito2020business,
	title = {Business cycles and currency returns},
	author = {Colacito, Riccardo and Riddiough, Steven J and Sarno,
                  Lucio},
	journal = {Journal of Financial Economics},
	volume = 137,
	number = 3,
	pages = {659--678},
	year = 2020,
	publisher = {Elsevier},
	url = {https://www.sciencedirect.com/science/article/pii/S0304405X20301203}
}

@article{duffie1997econometric,
	title = {An econometric model of the term structure of interest-rate
                  swap yields},
	author = {Duffie, Darrell and Singleton, Kenneth J},
	journal = {The Journal of Finance},
	volume = 52,
	number = 4,
	pages = {1287--1321},
	year = 1997,
	publisher = {Wiley Online Library}
}

@article{duffie2009frailty,
	title = {Frailty correlated default},
	author = {Duffie, Darrell and Eckner, Andreas and Horel, Guillaume
                  and Saita, Leandro},
	journal = {The Journal of Finance},
	volume = 64,
	number = 5,
	pages = {2089--2123},
	year = 2009,
	publisher = {Wiley Online Library}
}

@article{faleye2017risky,
	note = {not read},
	title = {Risky lending: does bank corporate governance matter?},
	author = {Faleye, Olubunmi and Krishnan, Karthik},
	journal = {Journal of Banking \& Finance},
	volume = {83},
	pages = {57--69},
	year = {2017},
	publisher = {Elsevier}
}

@article{fostel2015leverage,
	title = {Leverage and default in binomial economies: a complete
                  characterization},
	author = {Fostel, Ana and Geanakoplos, John},
	journal = {Econometrica},
	volume = 83,
	number = 6,
	pages = {2191--2229},
	year = 2015,
	publisher = {Wiley Online Library}
}

@article{gilchrist2009credit,
	title = {Credit market shocks and economic fluctuations: Evidence
                  from corporate bond and stock markets},
	author = {Gilchrist, Simon and Yankov, Vladimir and Zakraj{\v{s}}ek,
                  Egon},
	journal = {Journal of monetary Economics},
	volume = 56,
	number = 4,
	pages = {471--493},
	year = 2009,
	publisher = {Elsevier}
}

@article{jurado2015measuring,
	title = {Measuring uncertainty},
	author = {Jurado, Kyle and Ludvigson, Sydney C and Ng, Serena},
	journal = {American Economic Review},
	volume = 105,
	number = 3,
	pages = {1177--1216},
	year = 2015
}

@article{longstaff2005corporate,
	title = {Corporate yield spreads: Default risk or liquidity? New
                  evidence from the credit default swap market},
	author = {Longstaff, Francis A and Mithal, Sanjay and Neis, Eric},
	journal = {The journal of finance},
	volume = 60,
	number = 5,
	pages = {2213--2253},
	year = 2005,
	publisher = {Wiley Online Library}
}

@article{mirza2020impact,
	title = {Impact of Covid-19 on corporate solvency and possible
                  policy responses in the EU},
	author = {Mirza, Nawazish and Rahat, Birjees and Naqvi, Bushra and
                  Rizvi, Syed Kumail Abbas},
	journal = {The Quarterly Review of Economics and Finance},
	url = {https://www.sciencedirect.com/science/article/pii/S1062976920301125},
	year = 2020,
	publisher = {Elsevier}
}

@article{mo2021china,
	title = {China's no-bailout reform: Impact on bond yields and rating
                  standards},
	author = {Mo, Guiqing and Gao, Zhi and Zhou, Lei},
	url = {https://www.sciencedirect.com/science/article/pii/S0378426621002387},
	journal = {Journal of Banking \& Finance},
	volume = 133,
	pages = 106282,
	year = 2021,
	publisher = {Elsevier}
}

@article{nickerson2017debt,
	title = {Debt correlations in the wake of the financial crisis: What
                  are appropriate default correlations for structured products?},
	author = {Nickerson, Jordan and Griffin, John M},
	journal = {Journal of Financial Economics},
	volume = 125,
	number = 3,
	pages = {454--474},
	year = 2017,
	url = {https://www.sciencedirect.com/science/article/pii/S0304405X17301289},
	publisher = {Elsevier}
}

@article{ohlson1980financial,
	title = {Financial ratios and the probabilistic prediction of
                  bankruptcy},
	author = {Ohlson, James A},
	journal = {Journal of accounting research},
	pages = {109--131},
	year = 1980,
	publisher = {JSTOR}
}

@article{traczynski2017firm,
	title = {Firm default prediction: A Bayesian model-averaging
                  approach},
	author = {Traczynski, Jeffrey},
	url = {https://eds.s.ebscohost.com/eds/pdfviewer/pdfviewer?vid=1&sid=2b984d92-27ba-4a57-8855-814ffa7c4f73\%40redis},
	journal = {Journal of Financial and Quantitative Analysis},
	volume = 52,
	number = 3,
	pages = {1211--1245},
	year = 2017,
	publisher = {Cambridge University Press}
}

@article{何青2018中国系统性金融风险的度量——基于实体经济的视角,
	title = {中国系统性金融风险的度量——基于实体经济的视角},
	author = {何青 and 钱宗鑫 and 刘伟},
	journal = {金融研究},
	file = {~/Documents/roam/thesis/lib/中国系统性金融风险的度量——基于实体经济的视角_何青.pdf},
	number = {4},
	pages = {18},
	year = {2018}
}

@Article{史永东2021中债估值识别了债券信用风险吗,
	author = {史永东 and 郑世杰 and 袁绍锋},
	journal = {金融研究},
	title = {中债估值识别了债券信用风险吗?——基于跳跃视角的实证分析},
	year = 2021,
	number = 7,
	pages = 19,
	file = {~/Documents/roam/thesis/lib/中债估值识别了债券信用风险吗_——
                  基于跳跃视角的实证分析_史永东.pdf}
}

@Article{吴育辉2020,
	author = {吴育辉 and 翟玲玲 and 张润楠 and 魏志华},
	journal = {金融研究},
	title = {"投资人付费"vs."发行人付费":谁的信用评级质量更高?},
	year = 2020,
	number = 1,
	pages = 20,
	file = {~/Documents/roam/thesis/lib/“投资人付费”vs.“发行人付费”_谁
                  的信用评级质量更高__吴育辉.pdf}
}

@article{寇宗来2015中国的信用评级真的影响发债成本吗,
	title = {中国的信用评级真的影响发债成本吗?},
	author = {寇宗来 and 盘宇章 and 刘学悦},
	journal = {金融研究},
	number = 10,
	pages = {81--98},
	file = {~/Documents/roam/thesis/lib/中国的信用评级真的影响发债成本
                  吗__寇宗来.pdf},
	year = 2015
}

@article{寇宗来2021私有信息,
	title = {私有信息, 评级偏差和中国评级机构的市场声誉},
	author = {寇宗来 and 千茜倩},
	journal = {金融研究},
	volume = 492,
	number = 6,
	pages = {114--132},
	file = {~/Documents/roam/thesis/lib/私有信息、评级偏差和中国评级机
                  构的市场声誉_寇宗来.pdf},
	year = 2021
}

@article{常莹莹2019环境信息透明度与企业信用评级,
	title = {环境信息透明度与企业信用评级——基于债券评级市场的经验证据},
	author = {常莹莹 and 曾泉},
	journal = {金融研究},
	volume = 467,
	number = 5,
	pages = {132--151},
	year = 2019,
	file = {~/Documents/roam/thesis/lib/环境信息透明度与企业信用评级——
                  基于债券评级市场的经验证据_常莹莹.pdf}
}

@article{张维迎2002信任及其解释,
	title = {信任及其解释: 来自中国的跨省调查分析},
	author = {张维迎 and 柯荣住},
	journal = {经济研究},
	volume = 10,
	number = 5,
	pages = {59--70},
	year = 2002
}

@article{徐光2019定向支持政策能缓解民营企业的融资约束吗,
	title = {定向支持政策能缓解民营企业的融资约束吗?——基于民营企业债务融
                  资支持工具政策的研究},
	author = {徐光 and 赵茜 and 王宇光},
	journal = {金融研究},
	volume = 474,
	number = 12,
	file = {/Users/dcy/Documents/roam/thesis/lib/定向支持政策能缓解民营
                  企业的融资约束吗_——基于民营企业债务融资支持工具政策的研究.pdf},
	pages = {187--206},
	year = 2019
}

@article{杨国超2019信任被定价了吗,
	title = {信任被定价了吗?——来自债券市场的证据},
	author = {杨国超 and 盘宇章},
	journal = {金融研究},
	volume = 463,
	number = 1,
	pages = {35--53},
	file = {~/Documents/roam/thesis/lib/信任被定价了吗_——来自债券市场的
                  证据_杨国超.pdf},
	year = 2019
}

@article{林晚发2018高管任职经历的得与失,
	title = {高管任职经历的得与失?——来自债券市场的经验证据},
	author = {林晚发 and 钟辉勇 and 李青原},
	journal = {金融研究},
	volume = 456,
	number = 6,
	pages = {171--188},
	file = {/Users/dcy/Documents/roam/thesis/lib/高管任职经历的得与失_——来
                  自债券市场的经验证据_林晚发.pdf},
	year = 2018
}

@article{梅冬州2021财政扩张,
	file = {~/Documents/roam/thesis/lib/财政扩张、信用违约和民营企业融
                  资困境_梅冬州.pdf},
	title = {财政扩张,信用违约和民营企业融资困境},
	author = {梅冬州 and 温兴春 and 吴娱},
	journal = {经济研究},
	number = 3,
	pages = 16,
	year = 2021
}

@article{毛新述2015政治关联与公开债务融资,
	title = {政治关联与公开债务融资},
	author = {毛新述 and 周小伟},
	journal = {会计研究},
	number = 6,
	pages = 8,
	year = 2015
}

@article{汪莉2015政府隐性担保,
	title = {政府隐性担保, 债务违约与利率决定},
	author = {汪莉 and 陈诗一},
	journal = {金融研究},
	number = 9,
	pages = {66--81},
	year = 2015,
	file = {~/Documents/roam/thesis/lib/政府隐性担保、债务违约与利率决
                  定_汪莉.pdf}
}

@article{王博2019货币政策不确定性,
	file = {~/Documents/roam/thesis/lib/货币政策不确定性、违约风险与宏
                  观经济波动_王博.pdf},
	title = {货币政策不确定性,违约风险与宏观经济波动},
	author = {王博 and 李力 and 郝大鹏},
	journal = {经济研究},
	volume = 054,
	number = 003,
	pages = {119-134},
	year = 2019
}

@article{王博森2016政府隐性担保风险定价,
	title = {政府隐性担保风险定价: 基于我国债券交易市场的探讨},
	file = {~/Documents/roam/thesis/lib/政府隐性担保风险定价_基于我国债
                  券交易市场的探讨.pdf},
	author = {王博森 and 吕元稹 and 叶永新},
	journal = {经济研究},
	volume = 10,
	year = 2016
}

@article{王春丽2014基于马尔科夫区制转移模型的中国金融风险预警研究,
	title = {基于马尔科夫区制转移模型的中国金融风险预警研究},
	author = {王春丽 and 胡玲},
	file = {~/Documents/roam/thesis/lib/基于马尔科夫区制转移模型的中国
                  金融风险预警研究.pdf},
	journal = {金融研究},
	number = 9,
	pages = 16,
	year = 2014
}

@article{王永钦2019中国创新型货币政策如何发挥作用,
	title = {中国创新型货币政策如何发挥作用: 抵押品渠道},
	author = {王永钦 and 吴娴},
	journal = {经济研究},
	volume = 54,
	number = 12,
	pages = {86--101},
	file = {~/Documents/roam/thesis/lib/中国创新型货币政策如何发挥作用_
                  抵押品渠道_王永钦.pdf},
	year = 2019
}

@article{王永钦2019杠杆率如何影响资产价格,
	title = {杠杆率如何影响资产价格?——来自中国债券市场自然实验的证据},
	author = {王永钦 and 徐鸿恂},
	journal = {金融研究},
	volume = 464,
	number = 2,
	pages = {20--39},
	file = {~/Documents/roam/thesis/lib/杠杆率如何影响资产价格_——来自中
                  国债券市场自然实验的证据_王永钦.pdf},
	year = 2019
}

@article{王雄元2013声誉机制,
	title = {声誉机制, 信用评级与中期票据融资成本},
	author = {王雄元 and 张春强},
	journal = {金融研究},
	number = 8,
	pages = {150--164},
	year = 2013
}

@article{王雄元2017客户集中度与公司债二级市场信用利差,
	title = {客户集中度与公司债二级市场信用利差},
	author = {王雄元 and 高开娟},
	journal = {金融研究},
	number = 1,
	pages = {130--144},
	file = {~/Documents/roam/thesis/lib/客户集中度与公司债二级市场信用
                  利差_王雄元.pdf},
	year = 2017
}

@article{纪志宏2017信用风险溢价还是市场流动性溢价,
	title = {信用风险溢价还是市场流动性溢价:基于中国信用债定价的实证研究},
	author = {纪志宏 and 曹媛媛 and JI and Zhihong and CAO and Yuanyuan
                  and the and Peoples and Bank and of},
	file = {~/Documents/roam/thesis/lib/信用风险溢价还是市场流动性溢价_
                  基于中国信用债定价的实证研究.pdf},
	journal = {金融研究},
	number = 2,
	pages = 10,
	year = 2017
}

@article{苟文均2016债务杠杆与系统性风险传染机制——基于,
	title = {债务杠杆与系统性风险传染机制——基于CCA模型的分析},
	file = {~/Documents/roam/thesis/lib/债务杠杆与系统性风险传染机制——基于CCA模型的分析.pdf},
	author = {苟文均 and 袁鹰 and 漆鑫},
	journal = {金融研究},
	number = {3},
	pages = {18},
	year = {2016}
}

@Article{邓路、刘欢、侯粲然2020金融资产配置与违约风险,
	author = {邓路、刘欢、侯粲然},
	journal = {金融研究},
	title = {金融资产配置与违约风险:蓄水池效应,还是逐利效应?},
	year = {2020},
	number = {7},
	pages = {18},
	file = {~/Documents/roam/thesis/lib/金融资产配置与违约风险_蓄水池效应,还是逐利效应__邓路.pdf}
}

@article{钟宁桦2018散户投资者如何影响债券价格,
	title = {散户投资者如何影响债券价格?——基于交易所同一只信用债的价格差
                  分析},
	author = {钟宁桦 and 唐逸舟 and 王姝晶 and 沈吉},
	file = {~/Documents/roam/thesis/lib/散户投资者如何影响债券价格_——...于
                  交易所同一只信用债的价格差分析_钟宁桦.pdf},
	journal = {金融研究},
	number = 1,
	pages = 17,
	year = 2018
}

@article{钟辉勇2016城投债的担保可信吗,
	title = {城投债的担保可信吗?——来自债券评级和发行定价的证据},
	file = {~/Documents/roam/thesis/lib/城投债的担保可信吗_——来自债券评
                  级和发行定价的证据_钟辉勇.pdf},
	author = {钟辉勇 and 钟宁桦 and 朱小能},
	journal = {金融研究},
	number = 4,
	pages = 17,
	year = 2016
}

@article{钱雪松2018中国委托贷款弥补了正规信贷不足吗,
	title = {中国委托贷款弥补了正规信贷不足吗?},
	author = {钱雪松 and 徐建利 and 杜立},
	journal = {金融研究},
	file = {~/Documents/roam/thesis/lib/中国委托贷款弥补了正规信贷不足
                  吗？.pdf},
	volume = 000,
	number = 005,
	pages = {82-100},
	year = 2018
}

@article{陆磊2020违约与杠杆周期,
	title = {违约与杠杆周期——一个带有救助的金融加速器模型},
	author = {陆磊 and 刘学},
	journal = {金融研究},
	number = 5,
	pages = {1--20},
	year = 2020,
	file = {~/Documents/roam/thesis/lib/违约与杠杆周期——一个带有救助的
                  金融加速器模型_陆磊.pdf}
}

@article{陈关亭2021多重信用评级与债券融资成本,
	title = {多重信用评级与债券融资成本——来自中国债券市场的经验证据},
	author = {陈关亭 and 连立帅 and 朱松},
	journal = {金融研究},
	volume = 488,
	number = 2,
	pages = {94--113},
	year = 2021,
	file = {~/Documents/roam/thesis/lib/多重信用评级与债券融资成本——来
                  自中国债券市场的经验证据_陈关亭.pdf}
}

@article{韩鹏飞2015政府隐性担保一定能降低债券的融资成本吗,
	title = {政府隐性担保一定能降低债券的融资成本吗?——关于国有企业和地方
                  融资平台债券的实证研究},
	author = {韩鹏飞 and 胡奕明},
	journal = {金融研究},
	file = {~/Documents/roam/thesis/lib/政府隐性担保一定能降低债券的融
                  资...企业和地方融资平台债券的实证研究_韩鹏飞.pdf},
	number = 3,
	pages = 15,
	year = 2015
}

@article{黄小琳2017债券违约对涉事信用评级机构的影响——基于中国信用债市场违约事件的分析,
	title = {债券违约对涉事信用评级机构的影响——基于中国信用债市场违约事件的分析},
	author = {黄小琳 and 朱松 and 陈关亭},
	file = {~/Documents/roam/thesis/lib/债券违约对涉事信用评级机构的影响...基于中国信用债市场违约事件的分析_黄小琳.pdf},
	journal = {金融研究},
	number = {3},
	pages = {15},
	year = {2017}
}

